<record><leader>00000cas a2200000 a 4500</leader><controlfield tag="001">29186433</controlfield><controlfield tag="008">931023d19741989iluwr ne      0   a0eng c</controlfield><datafield ind1=" " ind2=" " tag="010"><subfield code="a">sn 93057130 </subfield></datafield><datafield ind1=" " ind2=" " tag="040"><subfield code="a">NVF</subfield><subfield code="b">eng</subfield><subfield code="c">NVF</subfield><subfield code="d">CVF</subfield><subfield code="d">OCLCQ</subfield><subfield code="d">OCLCF</subfield><subfield code="d">NVF</subfield><subfield code="d">OCLCO</subfield><subfield code="d">NVF</subfield><subfield code="d">OCLCO</subfield></datafield><datafield ind1="1" ind2=" " tag="029"><subfield code="a">AU@</subfield><subfield code="b">000025853931</subfield></datafield><datafield ind1=" " ind2=" " tag="042"><subfield code="a">pcc</subfield></datafield><datafield ind1=" " ind2=" " tag="043"><subfield code="a">n-us-il</subfield></datafield><datafield ind1="0" ind2="0" tag="245"><subfield code="a">Schiller Park times.</subfield></datafield><datafield ind1=" " ind2=" " tag="260"><subfield code="a">Chicago, Ill. :</subfield><subfield code="b">Times Home Newspapers,</subfield><subfield code="c">1974-1989.</subfield></datafield><datafield ind1=" " ind2=" " tag="300"><subfield code="a">volumes</subfield></datafield><datafield ind1=" " ind2=" " tag="310"><subfield code="a">Weekly</subfield></datafield><datafield ind1="0" ind2=" " tag="362"><subfield code="a">Nov. 20, 1974-</subfield></datafield><datafield ind1="1" ind2=" " tag="362"><subfield code="a">Ceased in Apr. 1989.</subfield></datafield><datafield ind1="4" ind2=" " tag="521"><subfield code="a">"Serving Schiller Park and unincorporated Leyden Township."</subfield></datafield><datafield ind1=" " ind2=" " tag="580"><subfield code="a">Merged with: Franklin Park times, to form: Franklin Park Schiller Park times.</subfield></datafield><datafield ind1=" " ind2=" " tag="588"><subfield code="a">Latest issue consulted: Apr. 5, 1989.</subfield></datafield><datafield ind1=" " ind2="0" tag="651"><subfield code="a">Schiller Park (Ill.)</subfield><subfield code="v">Newspapers.</subfield></datafield><datafield ind1=" " ind2="0" tag="651"><subfield code="a">Leyden (Ill. : Township)</subfield><subfield code="v">Newspapers.</subfield></datafield><datafield ind1=" " ind2="7" tag="651"><subfield code="a">Illinois</subfield><subfield code="z">Schiller Park.</subfield><subfield code="2">fast</subfield><subfield code="0">(OCoLC)fst01232801</subfield></datafield><datafield ind1=" " ind2="7" tag="655"><subfield code="a">Newspapers.</subfield><subfield code="2">fast</subfield><subfield code="0">(OCoLC)fst01423814</subfield></datafield><datafield ind1=" " ind2=" " tag="752"><subfield code="a">United States</subfield><subfield code="b">Illinois</subfield><subfield code="c">Cook County</subfield><subfield code="d">Chicago.</subfield></datafield><datafield ind1="0" ind2="1" tag="780"><subfield code="t">Franklin-Schiller times</subfield><subfield code="w">(DLC)sn 93057129</subfield><subfield code="w">(OCoLC)29186423</subfield></datafield><datafield ind1="1" ind2="7" tag="785"><subfield code="t">Franklin Park times</subfield><subfield code="w">(DLC)sn 93057131</subfield><subfield code="w">(OCoLC)29186436</subfield></datafield><datafield ind1="1" ind2="7" tag="785"><subfield code="t">Franklin Park Schiller Park times</subfield><subfield code="w">(DLC)sn 93070055</subfield><subfield code="w">(OCoLC)35331745</subfield></datafield></record>